<?xml version="1.0" encoding="UTF-8"?><collection xmlns="http://www.loc.gov/MARC21/slim"><record><leader>00587nam--2200193-i-4500</leader><controlfield tag="001">000015849</controlfield><controlfield tag="002">20161230</controlfield><controlfield tag="005">20161230201031</controlfield><controlfield tag="008">060222s1000------------r-----000-0-eng-d</controlfield><datafield ind1=" " ind2=" " tag="020"><subfield code="a">9971978245</subfield></datafield><datafield ind1=" " ind2=" " tag="040"><subfield code="a">IFIN-HH</subfield></datafield><datafield ind1=" " ind2=" " tag="080"><subfield code="a">539.12.162.8</subfield></datafield><datafield ind1="1" ind2=" " tag="100"><subfield code="a">Detar, Carleton</subfield></datafield><datafield ind1="1" ind2="0" tag="245"><subfield code="a">A passion for physics</subfield><subfield code="b">Essays in honor of geoffrey chew, including an interview with chew</subfield><subfield code="c">Carleton detar, j. finkelstein, chung-i tan (eds.)</subfield></datafield><datafield ind1=" " ind2=" " tag="260"><subfield code="a">Singapore</subfield><subfield code="b">World Scientific</subfield><subfield code="c">1985</subfield></datafield><datafield ind1=" " ind2=" " tag="300"><subfield code="a">301P</subfield></datafield><datafield ind1="1" ind2=" " tag="700"><subfield code="a">Tan, Chung-i</subfield></datafield><datafield ind1=" " ind2=" " tag="852"><subfield code="a">73881</subfield><subfield code="c">539.12</subfield></datafield><datafield ind1=" " ind2=" " tag="CAT"><subfield code="a">Sys</subfield><subfield code="c">20120113</subfield><subfield code="h">121512</subfield></datafield></record></collection>